<?xml version="1.0" encoding="UTF-8"?><collection xmlns="http://www.loc.gov/MARC21/slim"><record><leader>00387nam--2200145-i-4500</leader><controlfield tag="001">000020482</controlfield><controlfield tag="002">20161230</controlfield><controlfield tag="005">20161230201033</controlfield><controlfield tag="008">060222s1000------------r-----000-0-eng-d</controlfield><datafield ind1=" " ind2=" " tag="020"><subfield code="a">1-85032-</subfield></datafield><datafield ind1=" " ind2=" " tag="080"><subfield code="a">681.3.06</subfield></datafield><datafield ind1=" " ind2=" " tag="100"><subfield code="a">Linda Macaulay</subfield></datafield><datafield ind1=" " ind2=" " tag="245"><subfield code="a">Human-computer interaction for software designers</subfield></datafield><datafield ind1=" " ind2=" " tag="260"><subfield code="a">London, International Thomson Publishing, 1995 222 P</subfield></datafield><datafield ind1=" " ind2=" " tag="852"><subfield code="a">80321</subfield></datafield></record></collection>